<record><leader>00000cas a22000007a 4500</leader><controlfield tag="001">18115286</controlfield><controlfield tag="008">880621u1958uuuutxuwr ne      0    0eng d</controlfield><datafield ind1=" " ind2=" " tag="010"><subfield code="a">sn 88083792 </subfield></datafield><datafield ind1=" " ind2=" " tag="040"><subfield code="a">PPM</subfield><subfield code="b">eng</subfield><subfield code="c">PPM</subfield><subfield code="d">OCLCQ</subfield></datafield><datafield ind1=" " ind2=" " tag="042"><subfield code="a">msc</subfield></datafield><datafield ind1="0" ind2="0" tag="245"><subfield code="a">Moore Air Base sunbath dispatch.</subfield></datafield><datafield ind1=" " ind2=" " tag="260"><subfield code="a">Mission, Tex. :</subfield><subfield code="b">Moore Air Base, John D. Watson, Jr.,</subfield><subfield code="c">1958-</subfield></datafield><datafield ind1=" " ind2=" " tag="310"><subfield code="a">Weekly</subfield></datafield><datafield ind1="0" ind2=" " tag="362"><subfield code="a">Vol. 1, no. 1 (Feb. 21, 1958)-</subfield></datafield><datafield ind1=" " ind2=" " tag="752"><subfield code="a">United States</subfield><subfield code="b">Texas</subfield><subfield code="c">Hidalgo</subfield><subfield code="d">Mission.</subfield></datafield><datafield ind1=" " ind2=" " tag="752"><subfield code="a">Ubited States</subfield><subfield code="b">Texas</subfield><subfield code="c">Hidalgo</subfield><subfield code="d">Moore Air Base.</subfield></datafield><datafield ind1="1" ind2=" " tag="029"><subfield code="a">AU@</subfield><subfield code="b">000025804556</subfield></datafield></record>